<?xml version='1.0' encoding='utf-8'?>
<record xmlns="http://www.loc.gov/MARC21/slim" xmlns:xsi="http://www.w3.org/2001/XMLSchema-instance">
  <leader>00000nam^a2200337^a^4500</leader>
  <controlfield tag="001">004728362</controlfield>
  <controlfield tag="005">20040806105126.0</controlfield>
  <controlfield tag="008">991115s1998^^^^enkab^^^^bc^^^001^0^eng^^</controlfield>
  <datafield tag="010" ind1=" " ind2=" ">
    <subfield code="a">98087897</subfield>
  </datafield>
  <datafield tag="020" ind1=" " ind2=" ">
    <subfield code="a">1858940591</subfield>
    <subfield code="q">(hardcover)</subfield>
  </datafield>
  <datafield tag="020" ind1=" " ind2=" ">
    <subfield code="a">1858940745</subfield>
    <subfield code="q">(pbk.)</subfield>
  </datafield>
  <datafield tag="035" ind1=" " ind2=" ">
    <subfield code="a">(OCoLC)ocm40736132</subfield>
  </datafield>
  <datafield tag="035" ind1=" " ind2=" ">
    <subfield code="a">(III)iiio31893776</subfield>
  </datafield>
  <datafield tag="040" ind1=" " ind2=" ">
    <subfield code="a">DLC</subfield>
    <subfield code="c">DLC</subfield>
    <subfield code="d">EYM</subfield>
  </datafield>
  <datafield tag="043" ind1=" " ind2=" ">
    <subfield code="a">e-ie---</subfield>
    <subfield code="a">e-uk-ni</subfield>
  </datafield>
  <datafield tag="050" ind1="0" ind2="0">
    <subfield code="a">ND489.5.F54</subfield>
    <subfield code="b">W49 1999</subfield>
  </datafield>
  <datafield tag="245" ind1="0" ind2="0">
    <subfield code="a">When time began to rant and rage :</subfield>
    <subfield code="b">figurative painting from twentieth-century Ireland /</subfield>
    <subfield code="c">James Christen Steward, editor ; with essays by Bruce Arnold ... [et al.].</subfield>
  </datafield>
  <datafield tag="246" ind1="3" ind2="0">
    <subfield code="a">Figurative painting from 20th century Ireland</subfield>
  </datafield>
  <datafield tag="260" ind1=" " ind2=" ">
    <subfield code="a">London :</subfield>
    <subfield code="b">Merrell Holberton Publishers,</subfield>
    <subfield code="c">c1998.</subfield>
  </datafield>
  <datafield tag="300" ind1=" " ind2=" ">
    <subfield code="a">288 p. :</subfield>
    <subfield code="b">ill. (some col.), map ;</subfield>
    <subfield code="c">30 cm.</subfield>
  </datafield>
  <datafield tag="500" ind1=" " ind2=" ">
    <subfield code="a">Published on the occasion of an exhibition held at the Walker Art Gallery, Liverpool and three other institutions between Oct. 16, 1998 and Dec. 1999.</subfield>
  </datafield>
  <datafield tag="504" ind1=" " ind2=" ">
    <subfield code="a">Includes bibliographical references (p. 284-285) and index.</subfield>
  </datafield>
  <datafield tag="580" ind1=" " ind2=" ">
    <subfield code="a">Forms part of the University of Michigan. Museum of Art. Publications, 1946-&lt;ongoing&gt;.</subfield>
  </datafield>
  <datafield tag="650" ind1=" " ind2="0">
    <subfield code="a">Figurative painting, Irish</subfield>
    <subfield code="v">Exhibitions.</subfield>
  </datafield>
  <datafield tag="650" ind1=" " ind2="0">
    <subfield code="a">Painting, Modern</subfield>
    <subfield code="y">20th century</subfield>
    <subfield code="z">Ireland</subfield>
    <subfield code="v">Exhibitions.</subfield>
  </datafield>
  <datafield tag="650" ind1=" " ind2="0">
    <subfield code="a">Painting, Modern</subfield>
    <subfield code="y">20th century</subfield>
    <subfield code="z">Northern Ireland</subfield>
    <subfield code="v">Exhibitions.</subfield>
  </datafield>
  <datafield tag="700" ind1="1" ind2=" ">
    <subfield code="a">Steward, James Christen.</subfield>
  </datafield>
  <datafield tag="700" ind1="1" ind2=" ">
    <subfield code="a">Arnold, Bruce.</subfield>
  </datafield>
  <datafield tag="710" ind1="2" ind2=" ">
    <subfield code="a">Walker Art Gallery.</subfield>
  </datafield>
  <datafield tag="773" ind1="1" ind2=" ">
    <subfield code="a">University of Michigan</subfield>
    <subfield code="t">Museum of Art (University of Michigan) publications</subfield>
    <subfield code="w">3948255</subfield>
  </datafield>
  <datafield tag="852" ind1="8" ind2=" ">
    <subfield code="a">MiU-H</subfield>
    <subfield code="b">BENT</subfield>
    <subfield code="h">9788 Bimu C450 2</subfield>
  </datafield>
  <datafield tag="997" ind1=" " ind2=" ">
    <subfield code="a">MARS</subfield>
  </datafield>
  <datafield tag="998" ind1=" " ind2=" ">
    <subfield code="c">aut2</subfield>
  </datafield>
  <datafield tag="LKR" ind1=" " ind2=" ">
    <subfield code="a">UP</subfield>
    <subfield code="b">003948255</subfield>
    <subfield code="l">MIU01</subfield>
    <subfield code="r">773</subfield>
    <subfield code="m">When time began to rant and rage : figurative painting from twentieth-century Ireland /</subfield>
    <subfield code="n">[Museum of Art (University of Michigan) publications].</subfield>
  </datafield>
  <datafield tag="955" ind1=" " ind2=" ">
    <subfield code="b">BENT</subfield>
    <subfield code="p">B1980036</subfield>
  </datafield>
</record>
